<record xmlns='http://www.loc.gov/MARC21/slim'><leader>01526cim a22003732u 4500</leader><controlfield tag='001'>3600904</controlfield><controlfield tag='005'>20151214182732.0</controlfield><controlfield tag='007'>ss|lmnjluz|nuu</controlfield><controlfield tag='008'>991101s1985    nyunnn         l    eng d</controlfield><datafield ind1=' ' ind2=' ' tag='035'><subfield code='a'>(NIC)notisASF7969</subfield></datafield><datafield ind1=' ' ind2=' ' tag='035'><subfield code='a'>3600904</subfield></datafield><datafield ind1=' ' ind2=' ' tag='035'><subfield code='a'>(OCoLC)63896787</subfield></datafield><datafield ind1=' ' ind2=' ' tag='040'><subfield code='a'>NIC</subfield><subfield code='c'>NIC</subfield><subfield code='d'>NIC</subfield><subfield code='d'>NIC</subfield></datafield><datafield ind1='1' ind2=' ' tag='100'><subfield code='a'>ElSaadawi, Nawal.</subfield></datafield><datafield ind1='1' ind2='0' tag='245'><subfield code='a'>Third world women and creativity</subfield><subfield code='h'>[sound recording]</subfield></datafield><datafield ind1=' ' ind2=' ' tag='260'><subfield code='c'>1985.</subfield></datafield><datafield ind1=' ' ind2=' ' tag='300'><subfield code='a'>1 sound cassette (60 min.) :</subfield><subfield code='b'>analog, mono.</subfield></datafield><datafield ind1=' ' ind2=' ' tag='500'><subfield code='a'>Recorded in Ithaca, NY by Cornell University.</subfield></datafield><datafield ind1=' ' ind2=' ' tag='500'><subfield code='a'>Accompanied by: Notes.</subfield></datafield><datafield ind1=' ' ind2=' ' tag='500'><subfield code='a'>Sponsored by: Women&apos;s Studies Program,Society for the Humanities,Latin American Studies Program,Near Eastern Studies, Department of.</subfield></datafield><datafield ind1=' ' ind2=' ' tag='518'><subfield code='a'>Lecture, April 17, 1985.</subfield></datafield><datafield ind1=' ' ind2=' ' tag='520'><subfield code='a'>ElSaadawi discusses the oppression of women in the Third World by imperialist powers and by men in the household and suggests ways in which this oppression hinders creativity.</subfield></datafield><datafield ind1=' ' ind2='0' tag='650'><subfield code='a'>Imperialism.</subfield></datafield><datafield ind1=' ' ind2='0' tag='650'><subfield code='a'>Women</subfield><subfield code='x'>Social conditions.</subfield></datafield><datafield ind1=' ' ind2='0' tag='650'><subfield code='a'>Women</subfield><subfield code='x'>Legal status, laws, etc.</subfield></datafield><datafield ind1=' ' ind2='0' tag='651'><subfield code='a'>Developing countries</subfield><subfield code='x'>Women.</subfield></datafield><datafield ind1=' ' ind2='7' tag='650'><subfield code='a'>Imperialism</subfield><subfield code='2'>fast</subfield><subfield code='0'>(OCoLC)fst00968126</subfield></datafield><datafield ind1=' ' ind2='7' tag='650'><subfield code='a'>Women</subfield><subfield code='2'>fast</subfield><subfield code='0'>(OCoLC)fst01176568</subfield></datafield><datafield ind1=' ' ind2='7' tag='650'><subfield code='a'>Women</subfield><subfield code='x'>Legal status, laws, etc.</subfield><subfield code='2'>fast</subfield><subfield code='0'>(OCoLC)fst01176824</subfield></datafield><datafield ind1=' ' ind2='7' tag='650'><subfield code='a'>Women</subfield><subfield code='x'>Social conditions</subfield><subfield code='2'>fast</subfield><subfield code='0'>(OCoLC)fst01176947</subfield></datafield><datafield ind1=' ' ind2='7' tag='651'><subfield code='a'>Developing countries</subfield><subfield code='2'>fast</subfield><subfield code='0'>(OCoLC)fst01242969</subfield></datafield><datafield ind1='1' ind2=' ' tag='899'><subfield code='a'>CULectures</subfield></datafield><datafield ind1=' ' ind2=' ' tag='905'><subfield code='a'>20000320120000.0</subfield></datafield><datafield ind1='2' ind2=' ' tag='948'><subfield code='a'>20141221</subfield><subfield code='b'>m</subfield><subfield code='d'>batch</subfield><subfield code='e'>lts</subfield><subfield code='x'>addfast</subfield></datafield></record>